@misc{chatterjee2021phase,
      title={A phase transition for repeated averages}, 
      author={Sourav Chatterjee and Persi Diaconis and Allan Sly and Lingfu Zhang},
      year={2021},
      eprint={1911.02756},
      archivePrefix={arXiv},
      primaryClass={math.PR}
}